@article{BOUBETAPUIG201597,
title = "MEdit4CEP: A model-driven solution for real-time decision making in SOA 2.0",
journal = "Knowledge-Based Systems",
volume = "89",
pages = "97 - 112",
year = "2015",
issn = "0950-7051",
doi = "https://doi.org/10.1016/j.knosys.2015.06.021",
url = "http://www.sciencedirect.com/science/article/pii/S0950705115002397",
author = "Juan Boubeta-Puig and Guadalupe Ortiz and Inmaculada Medina-Bulo",
keywords = "Decision making, Complex event processing, Model-driven development, Graphical modeling editor, SOA 2.0"
}